<record xmlns='http://www.loc.gov/MARC21/slim'><leader>05603ctm a2200517Ia 4500</leader><controlfield tag='001'>5012946</controlfield><controlfield tag='005'>20200923191915.0</controlfield><controlfield tag='008'>061116s1589    xx            000 0 ota d</controlfield><datafield ind1=' ' ind2=' ' tag='035'><subfield code='a'>5012946</subfield></datafield><datafield ind1=' ' ind2=' ' tag='040'><subfield code='a'>PUL</subfield><subfield code='c'>PUL</subfield><subfield code='e'>amremm</subfield><subfield code='d'>PUL</subfield></datafield><datafield ind1=' ' ind2=' ' tag='066'><subfield code='c'>(3</subfield><subfield code='c'>(4</subfield></datafield><datafield ind1=' ' ind2=' ' tag='043'><subfield code='a'>n-us-nj</subfield></datafield><datafield ind1=' ' ind2=' ' tag='049'><subfield code='a'>PULL</subfield></datafield><datafield ind1='1' ind2=' ' tag='100'><subfield code='6'>880-01</subfield><subfield code='a'>Ali Çelebi, Kınalızade,</subfield><subfield code='d'>1510-1571.</subfield><subfield code='0'>http://id.loc.gov/authorities/names/n80112530</subfield></datafield><datafield ind1='1' ind2='0' tag='245'><subfield code='6'>880-02</subfield><subfield code='a'>Ahlak-i alâî</subfield></datafield><datafield ind1=' ' ind2=' ' tag='260'><subfield code='c'>[1589]</subfield></datafield><datafield ind1=' ' ind2=' ' tag='300'><subfield code='a'>i, 298, i leaves :</subfield><subfield code='b'>paper ;</subfield><subfield code='c'>218 x 126 (158 x 75) mm. bound to 218 x 132 mm.</subfield></datafield><datafield ind1=' ' ind2=' ' tag='500'><subfield code='a'>Ms. composite codex.</subfield></datafield><datafield ind1=' ' ind2=' ' tag='546'><subfield code='a'>In Ottoman Turkish and Arabic.</subfield></datafield><datafield ind1=' ' ind2=' ' tag='500'><subfield code='a'>Title from the lower edge of text block.</subfield></datafield><datafield ind1=' ' ind2=' ' tag='500'><subfield code='a'>Main text was copied by Derviş Mehmet Ahlakî on the 15th of Shaʻbān 997 (1589), this being the 30th copy which he did -- colophon (fol. 261b). Given the dedication to Sultan Abdülhamid I, the second and third texts, which are written continuously, are from the 18th century and were subsequently bound with the first.</subfield></datafield><datafield ind1='8' ind2=' ' tag='520'><subfield code='a'>Kınalızade&apos;s work on ethics in 3 books (kitāb) composed in 1565 (fol. 6b-261b), followed by two short treatises also on ethics, virtue and moral qualities (fol. 263b-280b and 280b-296b), the first of which is in Arabic and consists of a list of different concepts conditioning those qualities and the explanations thereof, starting with al-tawakkul, al-jahl, khawf al-dhamm wa-ḥubb al-madaḥ etc., and the second is in Arabic and Ottoman and is dedicated to Sultan Abdülhamid I (ruled 1774-1789).</subfield></datafield><datafield ind1=' ' ind2=' ' tag='500'><subfield code='a'>Main text: 19 lines per page. Written in small nastaʻlīq in black ink with use of red for rubrication. Text is written within a gold leaf frame outlined with three lines in black ink, with headings and verses in separately outlined sections. Fol. 6b has an illuminated head piece (ʻunwān) made in gold leaf with dark and light blue, orange and purple watercolors. Fol. 6b, 12a, 21a, and then every 10th leaf has a circular medallion on the margin, made with gold leaf with foliage pattern in black ink in the center with red circle around it and blue ink around the edges. Fol. 112b-116a have margins sprinkled in gold. Glazed dark cream paper with visible laid lines and prominent fibres. Foliation in Arabic numerals in red ink starts with 1 on fol. 7. Texts 2 and 3: 11 lines per page. Written in medium small nastaʻlīq in black ink with use of red. Text written within a single line frame outlined in red ink. Very thin light cream glazed paper with visible laid lines and prominent fibres.</subfield></datafield><datafield ind1=' ' ind2=' ' tag='500'><subfield code='a'>Ms. additions: Several short inscriptions on fol. 1b; table of contents on fol. 2b-3a; two ownership statements on fol. 6a, one in the name of Mehmet Celaleddin, accompanied by a stamp dated 189 (1775-76), and the other in the name of Ömer Hüsameddin, dated 26 M 1227 (10 February 1812).</subfield></datafield><datafield ind1=' ' ind2=' ' tag='563'><subfield code='a'>Brown leather with a gold tooled mandorla with pendants in the center and 4 gold tooled corner pieces in foliage pattern on upper and lower covers. Envelope flap with same gold tooled design, consisting of a small mandorla, 2 corner pieces, and gold guilloche and fillets around the edges. Spine, fore-edge flap and borders of upper and lower covers repaired in different brown leather. Pastedowns and envelope flap lining in yellow paper sprinkled in silver. Fore-edge lining in olive fabric.</subfield></datafield><datafield ind1=' ' ind2=' ' tag='541'><subfield code='c'>Gift ;</subfield><subfield code='a'>Robert Garrett, Class of 1897 ;</subfield><subfield code='d'>1942.</subfield></datafield><datafield ind1=' ' ind2=' ' tag='561'><subfield code='a'>Originally acquired by Robert Garrett from Abraham Shalom Yahuda ; 1942.</subfield></datafield><datafield ind1=' ' ind2='0' tag='650'><subfield code='a'>Islamic philosophy</subfield><subfield code='v'>Early works to 1800.</subfield><subfield code='0'>http://id.loc.gov/authorities/subjects/sh2008109242</subfield></datafield><datafield ind1=' ' ind2='0' tag='650'><subfield code='a'>Islamic ethics</subfield><subfield code='v'>Early works to 1800.</subfield><subfield code='0'>http://id.loc.gov/authorities/subjects/sh2008104964</subfield></datafield><datafield ind1=' ' ind2='0' tag='650'><subfield code='a'>Muslims</subfield><subfield code='x'>Conduct of life</subfield><subfield code='v'>Early works to 1800.</subfield><subfield code='0'>http://id.loc.gov/authorities/subjects/sh2010102967</subfield></datafield><datafield ind1=' ' ind2='0' tag='650'><subfield code='a'>Virtue</subfield><subfield code='x'>Religious aspects</subfield><subfield code='x'>Islam</subfield><subfield code='v'>Early works to 1800.</subfield></datafield><datafield ind1=' ' ind2='0' tag='650'><subfield code='a'>Manuscripts, Turkish</subfield><subfield code='z'>New Jersey</subfield><subfield code='z'>Princeton.</subfield></datafield><datafield ind1=' ' ind2='7' tag='655'><subfield code='a'>Manuscripts, Turkish</subfield><subfield code='y'>16th century.</subfield><subfield code='2'>lcsh</subfield></datafield><datafield ind1=' ' ind2='7' tag='655'><subfield code='a'>Manuscripts, Turkish</subfield><subfield code='y'>18th century.</subfield><subfield code='2'>lcsh</subfield></datafield><datafield ind1=' ' ind2='7' tag='655'><subfield code='a'>Illuminated manuscripts</subfield><subfield code='z'>Islamic Empire</subfield><subfield code='y'>16th century.</subfield><subfield code='2'>aat</subfield></datafield><datafield ind1=' ' ind2='7' tag='655'><subfield code='a'>Headpieces (layout features)</subfield><subfield code='z'>Islamic Empire</subfield><subfield code='y'>16th century.</subfield><subfield code='2'>aat</subfield></datafield><datafield ind1='1' ind2=' ' tag='880'><subfield code='6'>100-01/(3/r</subfield><subfield code='a'>علي چلبي, قينالي زاده.</subfield></datafield><datafield ind1='1' ind2='0' tag='880'><subfield code='6'>245-02/(3/r</subfield><subfield code='a'>اخلاق علائي</subfield></datafield><datafield ind1=' ' ind2=' ' tag='880'><subfield code='6'>500-00/(3/r</subfield><subfield code='a'>Incipit text 1: درر زواهر حمد وثنا وغرر ظواهر سپاس وستايش كه كثرت افراد فرايدينه سلك شهور وايامده احتمال اجتماع وانتظام</subfield></datafield><datafield ind1=' ' ind2=' ' tag='880'><subfield code='6'>500-00/(3/r</subfield><subfield code='a'>Explicit text 1: وعليه التكلان انه مفضل منعم حنان منان تمت الرساله المجموعه من مكارم الاخلاق بعون الله الملك الخلاق</subfield></datafield><datafield ind1=' ' ind2=' ' tag='880'><subfield code='6'>500-00/(3/r</subfield><subfield code='a'>Incipit text 2: من الكلمات الصحيحة الدين النصيحة الحمد لله ... وبعد فان الدنيا الفانية سريعة الزوال</subfield></datafield><datafield ind1=' ' ind2=' ' tag='880'><subfield code='6'>500-00/(3/r</subfield><subfield code='a'>Explicit text 2: مراد ما نصيحت بود وكفتيم حوالت با خدا كرديم ورفتيم</subfield></datafield><datafield ind1=' ' ind2=' ' tag='880'><subfield code='6'>500-00/(3/r</subfield><subfield code='a'>Incipit text 3: الحمد لله ... وبعد فان العقل والنقل متطبقان وفى المآل متوافقان</subfield></datafield><datafield ind1=' ' ind2=' ' tag='880'><subfield code='6'>500-00/(3/r</subfield><subfield code='a'>Explicit text 3: واستعمال اصناف حيل ومكايده بهر حال قيام عقلا وشرعا خير المرامدر</subfield></datafield><datafield ind1='4' ind2='1' tag='856'><subfield code='u'>http://arks.princeton.edu/ark:/88435/7m01bk75w</subfield></datafield><datafield ind1=' ' ind2=' ' tag='902'><subfield code='a'>ist</subfield><subfield code='b'>o</subfield><subfield code='6'>t</subfield><subfield code='7'>m</subfield><subfield code='d'>v</subfield><subfield code='f'>0</subfield><subfield code='e'>20070116</subfield></datafield><datafield ind1='8' ind2=' ' tag='852'><subfield code='0'>5208864</subfield><subfield code='b'>hsvm</subfield><subfield code='h'>Islamic Manuscripts, Garrett no. 1548Y</subfield></datafield><datafield ind1='8' ind2=' ' tag='852'><subfield code='0'>9369031</subfield><subfield code='b'>elf1</subfield><subfield code='h'>Electronic Resource</subfield></datafield><datafield ind1=' ' ind2=' ' tag='959'><subfield code='a'>2007-01-16 09:59:57 +0000</subfield></datafield></record>
